<record><leader>00000cas a22000007a 4500</leader><controlfield tag="001">5224102</controlfield><controlfield tag="007">hd afb---baca</controlfield><controlfield tag="008">790730d18281831pauwr nea     0   a0eng d</controlfield><datafield ind1=" " ind2=" " tag="010"><subfield code="a">sn 91025287 </subfield></datafield><datafield ind1=" " ind2=" " tag="040"><subfield code="a">YNG</subfield><subfield code="b">eng</subfield><subfield code="c">YNG</subfield><subfield code="d">HUL</subfield><subfield code="d">NST</subfield><subfield code="d">NOC</subfield><subfield code="d">OCLCQ</subfield><subfield code="d">OCLCF</subfield><subfield code="d">OCLCO</subfield></datafield><datafield ind1=" " ind2=" " tag="012"><subfield code="i">9103</subfield></datafield><datafield ind1="1" ind2=" " tag="029"><subfield code="a">AU@</subfield><subfield code="b">000020666695</subfield></datafield><datafield ind1=" " ind2=" " tag="042"><subfield code="a">msc</subfield></datafield><datafield ind1=" " ind2=" " tag="043"><subfield code="a">n-us-pa</subfield></datafield><datafield ind1=" " ind2="4" tag="050"><subfield code="a">Newspaper</subfield></datafield><datafield ind1="0" ind2="4" tag="245"><subfield code="a">The Mechanics' free press</subfield><subfield code="h">[microform].</subfield></datafield><datafield ind1=" " ind2=" " tag="260"><subfield code="a">Philadelphia :</subfield><subfield code="b">Mechanics Library Co.,</subfield><subfield code="c">-1831.</subfield></datafield><datafield ind1=" " ind2=" " tag="300"><subfield code="a">v. :</subfield><subfield code="b">ill. ;</subfield><subfield code="c">51 cm.</subfield></datafield><datafield ind1=" " ind2=" " tag="310"><subfield code="a">Weekly</subfield></datafield><datafield ind1="1" ind2=" " tag="362"><subfield code="a">Began with Jan. 12, 1828 issue.</subfield></datafield><datafield ind1="0" ind2=" " tag="362"><subfield code="a">-v. 4, no. 172 (Apr. 23, 1831).</subfield></datafield><datafield ind1=" " ind2=" " tag="588"><subfield code="a">Description based on: Vol. 1, no. 14 (Apr. 12, 1828).</subfield></datafield><datafield ind1=" " ind2=" " tag="533"><subfield code="a">Microfilm.</subfield><subfield code="b">Philadelphia :</subfield><subfield code="c">Historical Society of Pennsylvania,</subfield><subfield code="d">1961.</subfield><subfield code="e">1 microfilm reel ; 35 mm.</subfield></datafield><datafield ind1=" " ind2="0" tag="651"><subfield code="a">Philadelphia (Pa.)</subfield><subfield code="v">Newspapers.</subfield></datafield><datafield ind1=" " ind2="7" tag="655"><subfield code="a">Newspapers.</subfield><subfield code="2">fast</subfield><subfield code="0">(OCoLC)fst01423814</subfield></datafield><datafield ind1=" " ind2="7" tag="651"><subfield code="a">Pennsylvania</subfield><subfield code="z">Philadelphia.</subfield><subfield code="2">fast</subfield><subfield code="0">(OCoLC)fst01204170</subfield></datafield><datafield ind1="2" ind2=" " tag="710"><subfield code="a">Mechanics Library Company.</subfield></datafield><datafield ind1=" " ind2=" " tag="752"><subfield code="a">United States</subfield><subfield code="b">Pennsylvania</subfield><subfield code="d">Philadelphia.</subfield></datafield><datafield ind1="0" ind2="5" tag="785"><subfield code="t">Philadelphia times</subfield><subfield code="w">(DLC)sn 91025286</subfield><subfield code="w">(OCoLC)5224217</subfield></datafield><datafield ind1=" " ind2=" " tag="850"><subfield code="a">MH</subfield><subfield code="a">OCU</subfield></datafield></record>